@article{chen2018sampling,
  title={" Sampling" as a Baseline Optimizer for Search-based Software Engineering},
  author={Chen, Jianfeng and Nair, Vivek and Krishna, Rahul and Menzies, Tim},
  journal={Transactions on Software Engineering},
  year={2018},
  publisher={IEEE}
}

@inproceedings{valov2015empirical,
  title={Empirical comparison of regression methods for variability-aware performance prediction},
  author={Valov, Pavel and Guo, Jianmei and Czarnecki, Krzysztof},
  booktitle={Proceedings of the 19th International Conference on Software Product Line},
  pages={186--190},
  year={2015},
  organization={ACM}
}

@inproceedings{putrycz2007recovering,
	title={Recovering business rules from legacy source code for system 
	modernization},
	author={Putrycz, Erik and Kark, Anatol W},
	booktitle={International Workshop on Rules and Rule Markup Languages for the 
	Semantic Web},
	pages={107--118},
	year={2007},
	organization={Springer}
}

@book{saltelli2000sensitivity,
  title={Sensitivity analysis},
  author={Saltelli, Andrea and Chan, Karen and Scott, E Marian and others},
  volume={1},
  year={2000},
  publisher={Wiley New York}
}


@inproceedings{birattari2002racing,
  title={A racing algorithm for configuring metaheuristics},
  author={Birattari, Mauro and St{\"u}tzle, Thomas and Paquete, Luis and Varrentrapp, Klaus},
  booktitle={Proceedings of the 4th Annual Conference on Genetic and Evolutionary Computation},
  pages={11--18},
  year={2002},
  organization={Morgan Kaufmann Publishers Inc.}
}

@article{hsu2018micky,
  title={Micky: A Cheaper Alternative for Selecting Cloud Instances},
  author={Hsu, Chin-Jung and Nair, Vivek and Menzies, Tim and Freeh, Vincent},
  journal={IEEE Cloud},
  year={2018}
}


@article{wang2009mean,
  title={Mean squared error: Love it or leave it? A new look at signal fidelity measures},
  author={Wang, Zhou and Bovik, Alan C},
  journal={IEEE signal processing magazine},
  volume={26},
  number={1},
  pages={98--117},
  year={2009},
  publisher={IEEE}
}


@article{deb2002fast,
  title={A fast and elitist multiobjective genetic algorithm: NSGA-II},
  author={Deb, Kalyanmoy and Pratap, Amrit and Agarwal, Sameer and Meyarivan, TAMT},
  journal={IEEE transactions on evolutionary computation},
  volume={6},
  number={2},
  pages={182--197},
  year={2002},
  publisher={IEEE}
}



@inproceedings{wang2016practical,
  title={A practical guide to select quality indicators for assessing pareto-based search algorithms in search-based software engineering},
  author={Wang, Shuai and Ali, Shaukat and Yue, Tao and Li, Yan and Liaaen, Marius},
  booktitle={Software Engineering (ICSE), 2016 IEEE/ACM 38th International Conference on},
  pages={631--642},
  year={2016},
  organization={IEEE}
}


@article{tantithamthavorn2018impact,
  title={The impact of automated parameter optimization on defect prediction models},
  author={Tantithamthavorn, Chakkrit and McIntosh, Shane and Hassan, Ahmed E and Matsumoto, Kenichi},
  journal={IEEE Transactions on Software Engineering},
  year={2018},
  publisher={IEEE}
}

@incollection{rasmussen2004gaussian,
  title={Gaussian processes in machine learning},
  author={Rasmussen, Carl Edward},
  booktitle={Advanced lectures on machine learning},
  pages={63--71},
  year={2004},
  publisher={Springer}
}

@inproceedings{su2006fast,
  title={A fast decision tree learning algorithm},
  author={Su, Jiang and Zhang, Harry},
  booktitle={AAAI Conference on Artificial Intelligence},
  year={2006}
}

@inproceedings{domingos2000mining,
  title={Mining high-speed data streams},
  author={Domingos, Pedro and Hulten, Geoff},
  booktitle={Proceedings of the sixth ACM SIGKDD international conference on Knowledge discovery and data mining},
  pages={71--80},
  year={2000},
  organization={ACM}
}

@inproceedings{golovin2017google,
  title={Google vizier: A service for black-box optimization},
  author={Golovin, Daniel and Solnik, Benjamin and Moitra, Subhodeep and Kochanski, Greg and Karro, John and Sculley, D},
  booktitle={Proceedings of the 23rd ACM SIGKDD International Conference on Knowledge Discovery and Data Mining},
  pages={1487--1495},
  year={2017},
  organization={ACM}
}


@inproceedings{rosenstein2005,
  title={To transfer or not to transfer},
  author={Rosenstein, Michael T and Marx, Zvika and Kaelbling, Leslie Pack and Dietterich, Thomas G},
  booktitle={NIPS 2005 workshop on TL},
  year={2005}
}

@incollection{ben2003,
  title={Exploiting task relatedness for multiple task learning},
  author={Ben-David, Shai and Schuller, Reba},
  booktitle={Learning Theory and Kernel Machines},
  year={2003},
  publisher={Springer}
}

@inproceedings{mensah17a,
  author    = {Solomon Mensah and
               Jacky Keung and
               Stephen G. MacDonell and
               Michael Franklin Bosu and
               Kwabena Ebo Bennin},
  title     = {Investigating the Significance of Bellwether Effect to Improve Software
               Effort Estimation},
  booktitle = {International Conference on Software Quality, Reliability
               and Security, {QRS}},
  year      = {2017},
  publisher={IEEE} 
}


@inproceedings{valov2015,
  title={Empirical comparison of regression methods for variability-aware performance prediction},
  author={Valov, Pavel and Guo, Jianmei and Czarnecki, Krzysztof},
  booktitle={International Conference on Software Product Line},
  year={2015},
  organization={ACM}
}

@inproceedings{westermann12,
  title={Automated inference of goal-oriented performance prediction functions},
  author={Westermann, Dennis and Happe, Jens and Krebs, Rouven and Farahbod, Roozbeh},
  booktitle={International Conference on Automated Software Engineering},
  year={2012},
  organization={ACM}
}

@inproceedings{zhang2015,
  title={Performance prediction of configurable software systems by fourier learning (T)},
  author={Zhang, Yi and Guo, Jianmei and Blais, Eric and Czarnecki, Krzysztof},
  booktitle={International Conference on Automated Software Engineering},
  year={2015},
  organization={IEEE}
}

@inproceedings{thereska2010,
  title={Practical performance models for complex, popular applications},
  author={Thereska, Eno and Doebel, Bjoern and Zheng, Alice X and Nobel, Peter},
  booktitle={ACM SIGMETRICS Performance Evaluation Review},
  year={2010},
  organization={ACM}
}

@article{hutter2014,
  title={Algorithm runtime prediction: Methods \& evaluation},
  author={Hutter, Frank and Xu, Lin and Hoos, Holger H and Leyton-Brown, Kevin},
  journal={Artificial Intelligence},
  year={2014},
  publisher={Elsevier}
}

@article{fu2016differential,
  title={Why is Differential Evolution Better than Grid Search for Tuning Defect Predictors?},
  author={Fu, Wei and Nair, Vivek and Menzies, Tim},
  journal={ arXiv:1609.02613},
  year={2016}
}

@article{fu2016tuning,
  title={Tuning for software analytics: Is it really necessary?},
  author={Fu, Wei and Menzies, Tim and Shen, Xipeng},
  journal={Information and Software Technology},
  year={2016},
  publisher={Elsevier}
}

@inproceedings{rosenstein2005transfer,
  title={To transfer or not to transfer},
  author={Rosenstein, Michael T and Marx, Zvika and Kaelbling, Leslie Pack and Dietterich, Thomas G},
  booktitle={NIPS 2005 workshop on transfer learning},
  year={2005}
}

@article{gui2018negative,
  title={Negative transfer detection in transductive transfer learning},
  author={Gui, Lin and Xu, Ruifeng and Lu, Qin and Du, Jiachen and Zhou, Yu},
  journal={International Journal of Machine Learning and Cybernetics},
  year={2018},
  publisher={Springer}
}

@inproceedings{hoste2006,
  title={Performance prediction based on inherent program similarity},
  author={Hoste, Kenneth and Phansalkar, Aashish and Eeckhout, Lieven and Georges, Andy and John, Lizy K and De Bosschere, Koen},
  booktitle={International Conference on Parallel Architectures and Compilation Techniques},
  year={2006},
  organization={IEEE}
}

@ARTICLE{Hsu2018scout,
    author = {{Hsu}, C.-J. and {Nair}, V. and {Menzies}, T. and {Freeh}, V.~W.},
    title = "{Scout: An Experienced Guide to Find the Best Cloud Configuration}",
    journal={arXiv preprint arXiv:1803.01296},
     year = {2018},
}

@article{hsu2017low,
  title={Low-Level Augmented Bayesian Optimization for Finding the Best Cloud VM},
  author={Hsu, Chin-Jung and Nair, Vivek and Freeh, Vincent W and Menzies, Tim},
  journal={International Conference on Distributed Computing Systems},
  year={2018}
}

@inproceedings{yadwadkar2017selecting,
  title={Selecting the best vm across multiple public clouds: A data-driven performance modeling approach},
  author={Yadwadkar, Neeraja J and Hariharan, Bharath and Gonzalez, Joseph E and Smith, Burton and Katz, Randy H},
  booktitle={Symposium on Cloud Computing},
  year={2017},
  organization={ACM}
}

@inproceedings{alipourfard2017cherrypick,
  title={CherryPick: Adaptively Unearthing the Best Cloud Configurations for Big Data Analytics.},
  author={Alipourfard, Omid and Liu, Hongqiang Harry and Chen, Jianshu and Venkataraman, Shivaram and Yu, Minlan and Zhang, Ming},
  booktitle={Symposium on Networked Systems Design and Implementation},
  year={2017}
}

@inproceedings{van2017automatic,
  title={Automatic Database Management System Tuning Through Large-scale Machine Learning},
  author={Van Aken, Dana and Pavlo, Andrew and Gordon, Geoffrey J and Zhang, Bohan},
  booktitle={International Conference on Management of Data},
  year={2017},
  organization={ACM}
}

@article{li2018understanding,
  title={Understanding and Auto-Adjusting Performance-Sensitive Configurations},
  author={Li, Shu Wang Chi and Lu, Henry Hoffmann Shan and Sentosa, William and Kistijantoro, Achmad Imam},
  year={2018}
}

@inproceedings{zhu2017bestconfig,
  title={BestConfig: tapping the performance potential of systems via automatic configuration tuning},
  author={Zhu, Yuqing and Liu, Jianxun and Guo, Mengying and Bao, Yungang and Ma, Wenlong and Liu, Zhuoyue and Song, Kunpeng and Yang, Yingchun},
  booktitle={Symposium on Cloud Computing},
  year={2017},
  organization={ACM}
}

@inproceedings{mensah17b,
  author    = {Solomon Mensah and
               Jacky Keung and
               Michael Franklin Bosu and
               Kwabena Ebo Bennin and
               Patrick Kwaku Kudjo},
  title     = {A Stratification and Sampling Model for Bellwether Moving Window},
  booktitle = {International Conference on Software Engineering and Knowledge
               Engineering},
  year      = {2017},
}

@inproceedings{krishna16,
 author = {Krishna, Rahul and Menzies, Tim and Fu, Wei},
 title = {Too Much Automation? The Bellwether Effect and Its Implications for Transfer Learning},
 booktitle = {International Conference on Automated Software Engineering},
 year = {2016},
 publisher = {ACM},
} 

@ARTICLE{krishna18, 
author={R. Krishna and T. Menzies}, 
journal={IEEE Transactions on Software Engineering}, 
title={Bellwethers: A Baseline Method For Transfer Learning}, 
year={2018}, 
volume={}, 
number={}, 
pages={1-1}, 
keywords={Estimation;Software;Software engineering;Task analysis;Benchmark testing;Complexity theory;Analytical models;Transfer learning;Defect Prediction;Bad smells;Issue Close Time;Effort Estimation;Prediction}, 
doi={10.1109/TSE.2018.2821670}, 
ISSN={0098-5589}, 
month={}}

@article{pan2010,
  title={A survey on transfer learning},
  author={Pan, Sinno Jialin and Yang, Qiang},
  journal={Transactions on knowledge and data engineering},
  year={2010},
  publisher={IEEE}
}

@article{afridi2018,
  title={On automated source selection for transfer learning in convolutional neural networks},
  author={Afridi, Muhammad Jamal and Ross, Arun and Shapiro, Erik M},
  journal={Journal of Pattern Recognition},
  year={2018},
  publisher={Elsevier}
}


@inproceedings{long2015,
  title={Learning transferable features with deep adaptation networks},
  author={Long, Mingsheng and Cao, Yue and Wang, Jianmin and Jordan, Michael},
  booktitle={International Conference on Machine Learning},
  year={2015}
}

@inproceedings{sayyad2013scalable,
  title={Scalable product line configuration: A straw to break the camel's back},
  author={Sayyad, Abdel Salam and Ingram, Joseph and Menzies, Tim and Ammar, Hany},
  booktitle={ International Conference on Automated Software Engineering},
  year={2013},
  organization={IEEE}
}

@article{xiang2018configuring,
  title={Configuring Software Product Lines by Combining Many-Objective Optimization and SAT Solvers},
  author={Xiang, Yi and Zhou, Yuren and Zheng, Zibin and Li, Miqing},
  journal={Transactions on Software Engineering and Methodology},
  year={2018},
  publisher={ACM}
}

@article{nair2018finding,
  title={Finding Faster Configurations using FLASH},
  author={Nair, Vivek and Yu, Zhe and Menzies, Tim and Siegmund, Norbert and Apel, Sven},
  journal={Transactions on Software Engineering (Accepted)},
  year={2018}
}

@inproceedings{guo2013variability,
  title={Variability-aware performance prediction: A statistical learning approach},
  author={Guo, Jianmei and Czarnecki, Krzysztof and Apel, Sven and Siegmund, Norbert and Wasowski, Andrzej},
  booktitle={International Conference on Automated Software Engineering},
  year={2013},
  organization={IEEE}
}

@inproceedings{yosinski2014transferable,
  title={How transferable are features in deep neural networks?},
  author={Yosinski, Jason and Clune, Jeff and Bengio, Yoshua and Lipson, Hod},
  booktitle={Advances in neural information processing systems},
  year={2014}
}

@inproceedings{sarkar2015cost,
  title={Cost-efficient sampling for performance prediction of configurable systems (t)},
  author={Sarkar, Atri and Guo, Jianmei and Siegmund, Norbert and Apel, Sven and Czarnecki, Krzysztof},
  booktitle={International Conference on Automated Software Engineering},
  year={2015},
  organization={IEEE}
}

@inproceedings{valov2017transferring,
  title={Transferring performance prediction models across different hardware platforms},
  author={Valov, Pavel and Petkovich, Jean-Christophe and Guo, Jianmei and Fischmeister, Sebastian and Czarnecki, Krzysztof},
  booktitle={International Conference on Performance Engineering},
  year={2017},
  organization={ACM}
}

@inproceedings{siegmund2012predicting,
  title={Predicting performance via automated feature-interaction detection},
  author={Siegmund, Norbert and Kolesnikov, Sergiy S and K{\"a}stner, Christian and Apel, Sven and Batory, Don and Rosenm{\"u}ller, Marko and Saake, Gunter},
  booktitle={ International Conference on Software Engineering},
  year={2012},
  organization={IEEE}
}


@article{guo2017data,
  title={Data-efficient performance learning for configurable systems},
  author={Guo, Jianmei and Yang, Dingyu and Siegmund, Norbert and Apel, Sven and Sarkar, Atrisha and Valov, Pavel and Czarnecki, Krzysztof and Wasowski, Andrzej and Yu, Huiqun},
  journal={Empirical Software Engineering},
  year={2017},
  publisher={Springer}
}

@inproceedings{oh2017finding,
  title={Finding near-optimal configurations in product lines by random sampling},
  author={Oh, Jeho and Batory, Don and Myers, Margaret and Siegmund, Norbert},
  booktitle={Foundations of Software Engineering},
  year={2017},
  organization={ACM}
}


@article{nair2017using,
  title={Using bad learners to find good configurations},
  author={Nair, Vivek and Menzies, Tim and Siegmund, Norbert and Apel, Sven},
  journal={Foundations of Software Engineering},
  year={2017}
}





@inproceedings{henard2015combining,
  title={Combining multi-objective search and constraint solving for configuring large software product lines},
  author={Henard, Christopher and Papadakis, Mike and Harman, Mark and Le Traon, Yves},
  booktitle={International Conference on Software Engineering},
  year={2015},
  organization={IEEE Press}
}


@article{nair2017faster,
  title={Faster discovery of faster system configurations with spectral learning},
  author={Nair, Vivek and Menzies, Tim and Siegmund, Norbert and Apel, Sven},
  journal={Automated Software Engineering},
  year={2017},
  publisher={Springer}
}

@article{chen2011experience,
  title={Experience transfer for the configuration tuning in large-scale computing systems},
  author={Chen, Haifeng and Zhang, Wenxuan and Jiang, Guofei},
  journal={Transactions on Knowledge and Data Engineering},
  year={2011},
  publisher={IEEE}
}

@inproceedings{jamshidi2017transfer,
  title={Transfer learning for improving model predictions in highly configurable software},
  author={Jamshidi, Pooyan and Velez, Miguel and K{\"a}stner, Christian and Siegmund, Norbert and Kawthekar, Prasad},
  booktitle={Symposium on Software Engineering for Adaptive and Self-Managing Systems},
  year={2017},
  organization={IEEE}
}


@inproceedings{jamshidi2017transfer2,
  title={Transfer learning for performance modeling of configurable systems: An exploratory analysis},
  author={Jamshidi, Pooyan and Siegmund, Norbert and Velez, Miguel and K{\"a}stner, Christian and Patel, Akshay and Agarwal, Yuvraj},
  booktitle={International Conference on Automated Software Engineering},
  year={2017},
  organization={IEEE Press}
}

@article{pan2010survey,
  title={A survey on transfer learning},
  author={Pan, Sinno Jialin and Yang, Qiang},
  journal={Transactions on knowledge and data engineering},
  year={2010},
  publisher={IEEE}
}


@inproceedings{peters15,
author = {Peters, Fayola and Menzies, Tim and Layman, Lucas},
booktitle = {International Conference on Software Engineering},
title = {{LACE2: Better privacy-preserving data sharing for cross project defect prediction}},
year = {2015}
}

@article{turhan09,
title={On the relative value of cross-company and within-company data for defect prediction},
author={Turhan, Burak and Menzies, Tim and Bener, Ay{\c{s}}e B and Di Stefano, Justin},
journal={Empirical Software Engineering},
year={2009},
publisher={Springer}
}

@inproceedings{kocaguneli2011find,
title={How to find relevant data for effort estimation?},
author={Kocaguneli, Ekrem and Menzies, Tim},
booktitle={Empirical Software Engineering and Measurement},
year={2011},
organization={IEEE}
}

@article{kocaguneli2012,
author = {Kocaguneli, Ekrem and Menzies, Tim and Mendes, Emilia},
journal = {Empirical Software Engineering},
publisher = {Springer US},
title = {{Transfer learning in effort estimation}},
year = {2015}
}

@inproceedings{Nam2013,
author = {Nam, Jaechang and Pan, Sinno Jialin and Kim, Sunghun},
booktitle = {International Conference on Software Engineering},
title = {{Transfer defect learning}},
year = {2013},
publisher={IEEE},
}

@article{Jing2015,
author = {Jing, Xiaoyuan and Wu, Fei and Dong, Xiwei and Qi, Fumin and Xu,
Baowen},
journal = {Foundations of Software Engineering},
title = {{Heterogeneous Cross-Company Defect Prediction by Unified Metric
Representation and CCA-Based Transfer Learning Categories and Subject
Descriptors}},
year = {2015}
}

@article{scikit-learn,
 title={Scikit-learn: Machine Learning in {P}ython},
 author={Pedregosa, F. and Varoquaux, G. and Gramfort, A. and Michel, V.
         and Thirion, B. and Grisel, O. and Blondel, M. and Prettenhofer, P.
         and Weiss, R. and Dubourg, V. and Vanderplas, J. and Passos, A. and
         Cournapeau, D. and Brucher, M. and Perrot, M. and Duchesnay, E.},
 journal={Journal of Machine Learning Research},
 year={2011}
}

@inproceedings{Nam2015,
author = {Nam, Jaechang and Kim, Sunghun},
booktitle = {Foundations of  Software Engineering},
publisher = {ACM Press},
title = {{Heterogeneous defect prediction}},
year = {2015}
}

@article{blum1997selection,
  title={Selection of relevant features and examples in machine learning},
  author={Blum, Avrim L and Langley, Pat},
  journal={Artificial intelligence},
  year={1997},
  publisher={Elsevier}
}

@article{Vargha00,
author = {A. Vargha and H. D. Delaney},
title = {A Critique and Improvement of the CL Common Language Effect Size Statistics of McGraw and Wong},
journal = {Journal of Educational and Behavioral Statistics},
year = {2000},
publisher={Sage Publications}
}

@inproceedings{xu2015hey,
  title={Hey, you have given me too many knobs!: understanding and dealing with over-designed configuration in system software},
  author={Xu, Tianyin and Jin, Long and Fan, Xuepeng and Zhou, Yuanyuan and Pasupathy, Shankar and Talwadker, Rukma},
  booktitle={Foundations of Software Engineering},
  year={2015},
  organization={ACM}
}

@inproceedings{herodotou2011starfish,
  title={Starfish: a self-tuning system for big data analytics.},
  author={Herodotou, Herodotos and Lim, Harold and Luo, Gang and Borisov, Nedyalko and Dong, Liang and Cetin, Fatma Bilgen and Babu, Shivnath},
  booktitle={Conference on Innovative Data Systems Research},
  year={2011}
}



@article{myrtveit2012validity,
author="I. Myrtveit and E. Stensrud",
title="Validity and Reliability of Evaluation Procedures in Comparative Studies of Effort Prediction Models",
publisher={Springer},
journal="Empirical Software Engineering",
year="2012",
}

@inproceedings{borgelt2005keeping,
  title={Keeping things simple: finding frequent item sets by recursive elimination},
  author={Borgelt, Christian},
  booktitle={International workshop on open source data mining: frequent pattern mining implementations},
  year={2005},
  organization={ACM}
}

@article{myrtveit2005reliability,
author={I. Myrtveit and E. Stensrud and M. Shepperd}, 
journal={IEEE Transactions on Software Engineering}, 
title={Reliability and Validity in Comparative Studies of Software Prediction Models}, 
year={2005}, 
publisher={IEEE}}

@article{bernstein1998asilomar,
  title={The Asilomar report on database research},
  author={Bernstein, Phil and Brodie, Michael and Ceri, Stefano and DeWitt, David and Franklin, Mike and Garcia-Molina, Hector and Gray, Jim and Held, Jerry and Hellerstein, Joe and Jagadish, HV and others},
  journal={ACM Sigmod record},
  year={1998},
  publisher={ACM}
}

@article{breiman1996bagging,
  title={Bagging predictors},
  author={Breiman, Leo},
  journal={Machine learning},
  year={1996},
  publisher={Springer}
}



@article{foss2003simulation,
author={T. Foss and E. Stensrud and B. Kitchenham and I. Myrtveit}, 
journal={IEEE Transactions on Software Engineering}, 
title={A Simulation Study of the Model Evaluation Criterion MMRE}, year={2003}, 
publisher={IEEE}}


@InProceedings{JC:MASCOTS16,
  author    = {Jamshidi, Pooyan and Casale, Giuliano},
  title     = {An Uncertainty-Aware Approach to Optimal Configuration of Stream Processing Systems},
  booktitle = {Symposium on the Modeling, Analysis, and Simulation of Computer and Telecommunication Systems},
  year      = {2016},
  publisher = {IEEE},
}


@inproceedings{jing15,
title="Heterogeneous cross-company defect prediction by unified metric representation and CCA-based transfer learning",
author=" X. Jing and G. Wu and X. Dong and F. Qi and B. Xu",
year =2015,
booktitle={Foundations of Software Engineering},
}

@article{turhan2009relative,
title={On the relative value of cross-company and within-company data for defect prediction},
author={Turhan, Burak and Menzies, Tim and Bener, Ay{\c{s}}e B and Di Stefano, Justin},
journal={Empirical Software Engineering},
year={2009},
publisher={Springer}
}

@inproceedings{leech2002call,
title={A Call for Greater Use of Nonparametric Statistics.},
author={Leech, Nancy L and Onwuegbuzie, Anthony J},
year={2002},
publisher={ERIC},
booktitle={Annual Meeting of the Mid-South Educational Research Association}
}

@article{poulding10,
title={Efficient software verification: Statistical testing using automated search},
author={Poulding, Simon and Clark, John A},
journal={Transactions on Software Engineering},
year={2010},
publisher={IEEE}
}

@INPROCEEDINGS{arcuri11,
author={Arcuri, A. and Briand, L.},
booktitle={ICSE'11},
title={A practical guide for using statistical tests to assess randomized algorithms in software engineering},
year={2011},
pages={1-10}}

@article{shepperd12a,
author =	 {Martin J. Shepperd and Steven G. MacDonell},
title =	 {Evaluating prediction systems in software project estimation},
journal = {Information {\&} Software Technology},
year={2012},
}

@article{kampenes07,
author =	 {Vigdis By Kampenes and Tore Dyb{\aa} and Jo Erskine
Hannay and Dag I. K. Sj{\o}berg},
title =	 {A systematic review of effect size in software
engineering experiments},
journal =	 {Information {\&} Software Technology},
year={2007},
}

@inproceedings{Kocaguneli2013:ep,
author = {Kocaguneli, Ekrem and Zimmermann, Thomas and Bird, Christian and Nagappan, Nachiappan and Menzies, Tim},
booktitle = {International Conference on Software Engineering},
title = {{Distributed development considered harmful?}},
year={2013},
}

@book{efron93,
  title={An introduction to the bootstrap},
  author={Tibshirani, ROBERT J and Efron, B},
  journal={Monographs on statistics and applied probability},
  volume={57},
  pages={1--436},
  year={1993},
  publisher={Chapman and Hall New York}
}

@article{mittas13,
author =	{Nikolaos Mittas and Lefteris Angelis},
title =	{Ranking and Clustering Software Cost Estimation
Models through a Multiple Comparisons Algorithm},
journal =	{Transactions on Software Engineering},
year =	2013,
}

@inproceedings{tang2018searching,
	title={Searching for high-performing software configurations with 
	metaheuristic algorithms},
	author={Tang, Chong and Sullivan, Kevin and Ray, Baishakhi},
	booktitle={Proceedings of the 40th International Conference on Software 
	Engineering: Companion Proceeedings},
	pages={354--355},
	year={2018},
	organization={ACM}
}

@inproceedings{peng2018optimus,
	title={Optimus: an efficient dynamic resource scheduler for deep learning 
	clusters},
	author={Peng, Yanghua and Bao, Yixin and Chen, Yangrui and Wu, Chuan and Guo, 
	Chuanxiong},
	booktitle={Proceedings of the Thirteenth EuroSys Conference},
	pages={3},
	year={2018},
	organization={ACM}
}

@inproceedings{wang2018understanding,
	title={Understanding and Auto-Adjusting Performance-Sensitive Configurations},
	author={Wang, Shu and Li, Chi and Hoffmann, Henry and Lu, Shan and Sentosa, 
	William and Kistijantoro, Achmad Imam},
	booktitle={Proceedings of the Twenty-Third International Conference on 
	Architectural Support for Programming Languages and Operating Systems},
	pages={154--168},
	year={2018},
	organization={ACM}
}
